<record><leader>00000cas a22000007a 4500</leader><controlfield tag="001">23442167</controlfield><controlfield tag="008">910409d19101911coudn ne      0    0eng d</controlfield><datafield ind1=" " ind2=" " tag="010"><subfield code="a">sn 91052479 </subfield></datafield><datafield ind1=" " ind2=" " tag="040"><subfield code="a">CNQ</subfield><subfield code="b">eng</subfield><subfield code="c">CNQ</subfield><subfield code="d">OCLCQ</subfield></datafield><datafield ind1=" " ind2=" " tag="042"><subfield code="a">msc</subfield></datafield><datafield ind1="0" ind2=" " tag="130"><subfield code="a">Herald-telegraph (Colorado Springs, Colo.)</subfield></datafield><datafield ind1="1" ind2="4" tag="245"><subfield code="a">The herald-telegraph.</subfield></datafield><datafield ind1=" " ind2=" " tag="260"><subfield code="a">Colorado Springs, Colo. :</subfield><subfield code="b">Evening Telegraph Pub. Co.</subfield></datafield><datafield ind1=" " ind2=" " tag="300"><subfield code="a">v.</subfield></datafield><datafield ind1=" " ind2=" " tag="310"><subfield code="a">Daily (except Sun.)</subfield></datafield><datafield ind1="0" ind2=" " tag="362"><subfield code="a">Vol. 32, no. 121 (Aug. 1, 1910)-</subfield></datafield><datafield ind1="1" ind2=" " tag="362"><subfield code="a">Ceased in Dec. 1911.</subfield></datafield><datafield ind1=" " ind2=" " tag="752"><subfield code="a">United States</subfield><subfield code="b">Colorado</subfield><subfield code="c">El Paso</subfield><subfield code="d">Colorado Springs.</subfield></datafield><datafield ind1="0" ind2="4" tag="780"><subfield code="t">Evening herald (Colorado Springs, Colo.)</subfield></datafield><datafield ind1="0" ind2="4" tag="780"><subfield code="t">Colorado Springs evening telegraph (Colorado Springs, Colo. : 1905)</subfield></datafield><datafield ind1="0" ind2="0" tag="785"><subfield code="t">Evening telegraph (Colorado Springs, Colo. : 1912)</subfield><subfield code="w">(DLC)sn 91052480</subfield></datafield></record>